<record><leader>00000cas a2200000 a 4500</leader><controlfield tag="001">31036285</controlfield><controlfield tag="008">940831d19uu1951cauwr ne      0    0eng c</controlfield><datafield ind1=" " ind2=" " tag="010"><subfield code="a">sn 94052844 </subfield></datafield><datafield ind1=" " ind2=" " tag="040"><subfield code="a">CUY</subfield><subfield code="b">eng</subfield><subfield code="c">CNK</subfield><subfield code="d">OCLCQ</subfield><subfield code="d">CNK</subfield><subfield code="d">OCLCQ</subfield><subfield code="d">OCLCF</subfield><subfield code="d">OCLCO</subfield></datafield><datafield ind1="1" ind2=" " tag="029"><subfield code="a">AU@</subfield><subfield code="b">000025869664</subfield></datafield><datafield ind1=" " ind2=" " tag="042"><subfield code="a">pcc</subfield></datafield><datafield ind1=" " ind2=" " tag="043"><subfield code="a">n-us-ca</subfield></datafield><datafield ind1="0" ind2="4" tag="245"><subfield code="a">The Calipatria herald.</subfield></datafield><datafield ind1=" " ind2=" " tag="260"><subfield code="a">Calipatria [Calif.] :</subfield><subfield code="b">S.E. De Rackin</subfield></datafield><datafield ind1=" " ind2=" " tag="300"><subfield code="a">v.</subfield></datafield><datafield ind1=" " ind2=" " tag="310"><subfield code="a">Weekly</subfield></datafield><datafield ind1="0" ind2=" " tag="362"><subfield code="a">-v. 36, no. 35 (Sept. 27, 1951).</subfield></datafield><datafield ind1=" " ind2=" " tag="515"><subfield code="a">Some issues lack numeric designation; and, in issues for 1946-1949, v. and issue numbering often repeat.</subfield></datafield><datafield ind1=" " ind2=" " tag="530"><subfield code="a">Master negatives are available for duplication from:</subfield><subfield code="b">California Newspaper Microfilm Archive;</subfield><subfield code="c">positive copies may be purchased by the reel; for further information consult the CNMA at:</subfield><subfield code="u">http://cbsr.ucr.edu</subfield></datafield><datafield ind1=" " ind2=" " tag="588"><subfield code="a">Description based on: Vol. 14, no. 12 (Jan. 1, 1920).</subfield></datafield><datafield ind1=" " ind2="0" tag="651"><subfield code="a">Imperial County (Calif.)</subfield><subfield code="v">Newspapers.</subfield></datafield><datafield ind1=" " ind2="7" tag="655"><subfield code="a">Newspapers.</subfield><subfield code="2">fast</subfield><subfield code="0">(OCoLC)fst01423814</subfield></datafield><datafield ind1=" " ind2="7" tag="651"><subfield code="a">California</subfield><subfield code="z">Imperial County.</subfield><subfield code="2">fast</subfield><subfield code="0">(OCoLC)fst01206056</subfield></datafield><datafield ind1=" " ind2=" " tag="752"><subfield code="a">United States</subfield><subfield code="b">California</subfield><subfield code="c">Imperial</subfield><subfield code="d">Calipatria.</subfield></datafield><datafield ind1="0" ind2="0" tag="785"><subfield code="t">Herald (Calipatria, Calif. : 1951)</subfield><subfield code="w">(DLC)sn 98061399</subfield></datafield></record>